<?xml version="1.0" encoding="UTF-8"?><collection xmlns="http://www.loc.gov/MARC21/slim"><record><leader>00519nam--2200157-i-4500</leader><controlfield tag="001">000008298</controlfield><controlfield tag="002">20161230</controlfield><controlfield tag="005">20161230201027</controlfield><controlfield tag="008">060222s1000------------r-----000-0-eng-d</controlfield><datafield ind1="1" ind2=" " tag="100"><subfield code="a">Arama, Lia; Morozan, Teodor</subfield></datafield><datafield ind1="1" ind2="0" tag="245"><subfield code="a">Culegere de probleme de calcul diferential si integral</subfield><subfield code="b">Vol. I Functii, Derivate, Primitive, Integrale definite</subfield><subfield code="c">Lia arrama; teodor morozan</subfield></datafield><datafield ind1=" " ind2=" " tag="260"><subfield code="a">Bucuresti</subfield><subfield code="b">Editura Tehnica</subfield><subfield code="c">1967</subfield></datafield><datafield ind1=" " ind2=" " tag="300"><subfield code="a">433P</subfield></datafield><datafield ind1="1" ind2=" " tag="700"><subfield code="a">Morozan, Teodor</subfield></datafield><datafield ind1=" " ind2=" " tag="852"><subfield code="a">9774</subfield><subfield code="c">517.2/3</subfield></datafield><datafield ind1=" " ind2=" " tag="CAT"><subfield code="a">Sys</subfield><subfield code="c">20110209</subfield><subfield code="h">115723</subfield></datafield></record></collection>